%YAML 1.1
%TAG !u! tag:unity3d.com,2011:
--- !u!243 &-9217253002531888397
AudioMixerGroupController:
  m_ObjectHideFlags: 0
  m_CorrespondingSourceObject: {fileID: 0}
  m_PrefabInstance: {fileID: 0}
  m_PrefabAsset: {fileID: 0}
  m_Name: RCanard3
  m_AudioMixer: {fileID: 24100000}
  m_GroupID: 9aab671495624c44fa4422d6a754b78c
  m_Children: []
  m_Volume: 8c741cb8489b1f840ad1bf44107b0850
  m_Pitch: 9a9023661187242498d951c3a3cc8956
  m_Send: 00000000000000000000000000000000
  m_Effects:
  - {fileID: -8331519835152302971}
  - {fileID: 4588565985248111375}
  - {fileID: 1528909077602055783}
  m_UserColorIndex: 0
  m_Mute: 0
  m_Solo: 0
  m_BypassEffects: 0
--- !u!244 &-8671310386596410423
AudioMixerEffectController:
  m_ObjectHideFlags: 3
  m_CorrespondingSourceObject: {fileID: 0}
  m_PrefabInstance: {fileID: 0}
  m_PrefabAsset: {fileID: 0}
  m_Name: 
  m_EffectID: 37900719997f8cc458184e160fecfacc
  m_EffectName: Receive
  m_MixLevel: 67042de6d0a99834ab5bae8ddaa1bb95
  m_Parameters: []
  m_SendTarget: {fileID: 0}
  m_EnableWetMix: 0
  m_Bypass: 0
--- !u!244 &-8547559533235047011
AudioMixerEffectController:
  m_ObjectHideFlags: 3
  m_CorrespondingSourceObject: {fileID: 0}
  m_PrefabInstance: {fileID: 0}
  m_PrefabAsset: {fileID: 0}
  m_Name: 
  m_EffectID: 604d2c4dcc86fd447bbbc7b305c39032
  m_EffectName: Send
  m_MixLevel: 0aecf5046eebf564fab30c1412baccd0
  m_Parameters: []
  m_SendTarget: {fileID: -3316397273604937189}
  m_EnableWetMix: 0
  m_Bypass: 0
--- !u!243 &-8432615904241092539
AudioMixerGroupController:
  m_ObjectHideFlags: 0
  m_CorrespondingSourceObject: {fileID: 0}
  m_PrefabInstance: {fileID: 0}
  m_PrefabAsset: {fileID: 0}
  m_Name: Canard 2
  m_AudioMixer: {fileID: 24100000}
  m_GroupID: 4016ac595fd63b447b2497d4f09ed966
  m_Children: []
  m_Volume: 8cc2bc28b6892234890b37fef7bea2c9
  m_Pitch: a14a4ad0dc9da8743aa6290eb1703979
  m_Send: 00000000000000000000000000000000
  m_Effects:
  - {fileID: -7529020500092366230}
  - {fileID: 4050973259853903773}
  m_UserColorIndex: 0
  m_Mute: 0
  m_Solo: 0
  m_BypassEffects: 0
--- !u!244 &-8331519835152302971
AudioMixerEffectController:
  m_ObjectHideFlags: 3
  m_CorrespondingSourceObject: {fileID: 0}
  m_PrefabInstance: {fileID: 0}
  m_PrefabAsset: {fileID: 0}
  m_Name: 
  m_EffectID: 89237f25ee136424bae6c1533fe312ae
  m_EffectName: Attenuation
  m_MixLevel: a5f5e2e44b7e33a418557b7b07900ea5
  m_Parameters: []
  m_SendTarget: {fileID: 0}
  m_EnableWetMix: 0
  m_Bypass: 0
--- !u!243 &-7849680188605852414
AudioMixerGroupController:
  m_ObjectHideFlags: 0
  m_CorrespondingSourceObject: {fileID: 0}
  m_PrefabInstance: {fileID: 0}
  m_PrefabAsset: {fileID: 0}
  m_Name: Effet Tunnel
  m_AudioMixer: {fileID: 24100000}
  m_GroupID: 8f1f7314350b36b4fa9f79251355fc12
  m_Children: []
  m_Volume: 0a7866b629bfb5d4d9147c459c95e547
  m_Pitch: 8bbf26fcfbc062b4c9f00c389262012f
  m_Send: 00000000000000000000000000000000
  m_Effects:
  - {fileID: -122999380701076778}
  - {fileID: -8671310386596410423}
  - {fileID: 6096525031033315370}
  m_UserColorIndex: 0
  m_Mute: 0
  m_Solo: 0
  m_BypassEffects: 0
--- !u!243 &-7815009655639179496
AudioMixerGroupController:
  m_ObjectHideFlags: 0
  m_CorrespondingSourceObject: {fileID: 0}
  m_PrefabInstance: {fileID: 0}
  m_PrefabAsset: {fileID: 0}
  m_Name: Canard 1
  m_AudioMixer: {fileID: 24100000}
  m_GroupID: 493e836f7ce39b44daf36e1a48a4cc73
  m_Children: []
  m_Volume: 56ec12785bf1ec240aece9cb6a0309c3
  m_Pitch: c5fcfd816c3ec734cb3d641b22ca3d61
  m_Send: 00000000000000000000000000000000
  m_Effects:
  - {fileID: -5651773418935981827}
  - {fileID: -8547559533235047011}
  m_UserColorIndex: 0
  m_Mute: 0
  m_Solo: 0
  m_BypassEffects: 0
--- !u!244 &-7529020500092366230
AudioMixerEffectController:
  m_ObjectHideFlags: 3
  m_CorrespondingSourceObject: {fileID: 0}
  m_PrefabInstance: {fileID: 0}
  m_PrefabAsset: {fileID: 0}
  m_Name: Attenuation
  m_EffectID: 5e6fa1f50f64fb348b2e2953e4965957
  m_EffectName: Attenuation
  m_MixLevel: 947ce3d34c787e34d88a101b06c9dd76
  m_Parameters: []
  m_SendTarget: {fileID: 0}
  m_EnableWetMix: 0
  m_Bypass: 0
--- !u!244 &-6036063168961573328
AudioMixerEffectController:
  m_ObjectHideFlags: 3
  m_CorrespondingSourceObject: {fileID: 0}
  m_PrefabInstance: {fileID: 0}
  m_PrefabAsset: {fileID: 0}
  m_Name: 
  m_EffectID: 14b2f41156744114b8d6d6f2d29e0afb
  m_EffectName: Send
  m_MixLevel: ac8f71356e9c3b14ba13326f3cf5a3fd
  m_Parameters: []
  m_SendTarget: {fileID: -8671310386596410423}
  m_EnableWetMix: 0
  m_Bypass: 0
--- !u!244 &-5651773418935981827
AudioMixerEffectController:
  m_ObjectHideFlags: 3
  m_CorrespondingSourceObject: {fileID: 0}
  m_PrefabInstance: {fileID: 0}
  m_PrefabAsset: {fileID: 0}
  m_Name: 
  m_EffectID: 5789dfd0372bca04593809f315a18b1b
  m_EffectName: Attenuation
  m_MixLevel: 2299800f0063ef6488a3dfa50d5bf3ed
  m_Parameters: []
  m_SendTarget: {fileID: 0}
  m_EnableWetMix: 0
  m_Bypass: 0
--- !u!244 &-4752116054610664732
AudioMixerEffectController:
  m_ObjectHideFlags: 3
  m_CorrespondingSourceObject: {fileID: 0}
  m_PrefabInstance: {fileID: 0}
  m_PrefabAsset: {fileID: 0}
  m_Name: 
  m_EffectID: fbea955d327530240b5d62625c4593c6
  m_EffectName: Send
  m_MixLevel: 57b10912192dcc043bdef1984c150ace
  m_Parameters: []
  m_SendTarget: {fileID: -8671310386596410423}
  m_EnableWetMix: 0
  m_Bypass: 0
--- !u!244 &-3721584114606545619
AudioMixerEffectController:
  m_ObjectHideFlags: 3
  m_CorrespondingSourceObject: {fileID: 0}
  m_PrefabInstance: {fileID: 0}
  m_PrefabAsset: {fileID: 0}
  m_Name: 
  m_EffectID: 18ced42c84db4304489ee8d14b945473
  m_EffectName: Attenuation
  m_MixLevel: 8fa39112b62b0a44cbab74bcf41d9069
  m_Parameters: []
  m_SendTarget: {fileID: 0}
  m_EnableWetMix: 0
  m_Bypass: 0
--- !u!244 &-3316397273604937189
AudioMixerEffectController:
  m_ObjectHideFlags: 3
  m_CorrespondingSourceObject: {fileID: 0}
  m_PrefabInstance: {fileID: 0}
  m_PrefabAsset: {fileID: 0}
  m_Name: 
  m_EffectID: 51d4e699fe73f7541b5c12806321d77a
  m_EffectName: Receive
  m_MixLevel: 940eff02958762b40b9135193675a0f1
  m_Parameters: []
  m_SendTarget: {fileID: 0}
  m_EnableWetMix: 0
  m_Bypass: 0
--- !u!243 &-2748742079060032092
AudioMixerGroupController:
  m_ObjectHideFlags: 0
  m_CorrespondingSourceObject: {fileID: 0}
  m_PrefabInstance: {fileID: 0}
  m_PrefabAsset: {fileID: 0}
  m_Name: RCanard
  m_AudioMixer: {fileID: 24100000}
  m_GroupID: 7d6ea6937861ae546bcf18fc0cfb6842
  m_Children: []
  m_Volume: 204be610418911c4aaaab7c0200e08ce
  m_Pitch: 218ef0d781a28564a8722daa2a6613a6
  m_Send: 00000000000000000000000000000000
  m_Effects:
  - {fileID: 7911110243934927784}
  - {fileID: -3316397273604937189}
  - {fileID: -4752116054610664732}
  m_UserColorIndex: 0
  m_Mute: 0
  m_Solo: 0
  m_BypassEffects: 0
--- !u!243 &-2089280245214749625
AudioMixerGroupController:
  m_ObjectHideFlags: 0
  m_CorrespondingSourceObject: {fileID: 0}
  m_PrefabInstance: {fileID: 0}
  m_PrefabAsset: {fileID: 0}
  m_Name: Canard 3
  m_AudioMixer: {fileID: 24100000}
  m_GroupID: db4dfd797bde77342a4afb231cc4d8d3
  m_Children: []
  m_Volume: 4b1b11d921667d84f8525f8361c9eb87
  m_Pitch: 36ec0eb056f57584cad946f074ac401f
  m_Send: 00000000000000000000000000000000
  m_Effects:
  - {fileID: 4467503754952150763}
  - {fileID: 1463722826757380938}
  m_UserColorIndex: 0
  m_Mute: 0
  m_Solo: 0
  m_BypassEffects: 0
--- !u!244 &-122999380701076778
AudioMixerEffectController:
  m_ObjectHideFlags: 3
  m_CorrespondingSourceObject: {fileID: 0}
  m_PrefabInstance: {fileID: 0}
  m_PrefabAsset: {fileID: 0}
  m_Name: 
  m_EffectID: 46bd88b92d1c7704c97cb1738271b1b7
  m_EffectName: Attenuation
  m_MixLevel: 4e14fc1f2b20e7240b2c136b0e2070b1
  m_Parameters: []
  m_SendTarget: {fileID: 0}
  m_EnableWetMix: 0
  m_Bypass: 0
--- !u!241 &24100000
AudioMixerController:
  m_ObjectHideFlags: 0
  m_CorrespondingSourceObject: {fileID: 0}
  m_PrefabInstance: {fileID: 0}
  m_PrefabAsset: {fileID: 0}
  m_Name: Tunnel Mixer
  m_OutputGroup: {fileID: 0}
  m_MasterGroup: {fileID: 24300002}
  m_Snapshots:
  - {fileID: 24500006}
  m_StartSnapshot: {fileID: 24500006}
  m_SuspendThreshold: 20
  m_EnableSuspend: 1
  m_UpdateMode: 0
  m_ExposedParameters:
  - guid: 360d04e6c8cb78843bcfd35123b6483a
    name: RCanard2
  - guid: 8c741cb8489b1f840ad1bf44107b0850
    name: RCanard3
  - guid: 204be610418911c4aaaab7c0200e08ce
    name: RCanard
  m_AudioMixerGroupViews:
  - guids:
    - 000fc096b8228d14597e5801bf21b5d6
    - 493e836f7ce39b44daf36e1a48a4cc73
    - 4016ac595fd63b447b2497d4f09ed966
    - db4dfd797bde77342a4afb231cc4d8d3
    - 8f1f7314350b36b4fa9f79251355fc12
    - 7d6ea6937861ae546bcf18fc0cfb6842
    - 0724763d576e8c74ca47edf171cbea69
    - 9aab671495624c44fa4422d6a754b78c
    name: View
  m_CurrentViewIndex: 0
  m_TargetSnapshot: {fileID: 24500006}
--- !u!243 &24300002
AudioMixerGroupController:
  m_ObjectHideFlags: 0
  m_CorrespondingSourceObject: {fileID: 0}
  m_PrefabInstance: {fileID: 0}
  m_PrefabAsset: {fileID: 0}
  m_Name: Master
  m_AudioMixer: {fileID: 24100000}
  m_GroupID: 000fc096b8228d14597e5801bf21b5d6
  m_Children:
  - {fileID: -7815009655639179496}
  - {fileID: -8432615904241092539}
  - {fileID: -2089280245214749625}
  - {fileID: -7849680188605852414}
  - {fileID: -2748742079060032092}
  - {fileID: 7363408829071262148}
  - {fileID: -9217253002531888397}
  m_Volume: 0fdc19a442aef55479ed41afce873a3e
  m_Pitch: c3f14cfffc6073c46812539a866e1f45
  m_Send: 00000000000000000000000000000000
  m_Effects:
  - {fileID: 24400004}
  m_UserColorIndex: 0
  m_Mute: 0
  m_Solo: 0
  m_BypassEffects: 0
--- !u!244 &24400004
AudioMixerEffectController:
  m_ObjectHideFlags: 3
  m_CorrespondingSourceObject: {fileID: 0}
  m_PrefabInstance: {fileID: 0}
  m_PrefabAsset: {fileID: 0}
  m_Name: 
  m_EffectID: 74af59a491bfa9440926d87dfc3f5dcf
  m_EffectName: Attenuation
  m_MixLevel: 8c299c32d73651f4abcbd1ba3056fa11
  m_Parameters: []
  m_SendTarget: {fileID: 0}
  m_EnableWetMix: 0
  m_Bypass: 0
--- !u!245 &24500006
AudioMixerSnapshotController:
  m_ObjectHideFlags: 0
  m_CorrespondingSourceObject: {fileID: 0}
  m_PrefabInstance: {fileID: 0}
  m_PrefabAsset: {fileID: 0}
  m_Name: Snapshot
  m_AudioMixer: {fileID: 24100000}
  m_SnapshotID: 88701ecd7d53bf64faab88790daa2e2b
  m_FloatValues:
    204be610418911c4aaaab7c0200e08ce: -80
    57b10912192dcc043bdef1984c150ace: 0
    c1d05ce376026dd48b5d9f838c111f99: 8
    0aecf5046eebf564fab30c1412baccd0: 0
    0fdc19a442aef55479ed41afce873a3e: 0.10800299
    ac8f71356e9c3b14ba13326f3cf5a3fd: 0
    360d04e6c8cb78843bcfd35123b6483a: -80
    8c741cb8489b1f840ad1bf44107b0850: -80
    46d30ae99eaa5db4193229aebb03cc3f: 2000
    96c4f2eb677dada42bc5f8acaf20e58c: 0
    05a40d4c006cae44f9601bb502c77ab9: -3000
    da2dd83e24deaa643b7b80b40ef8a018: 0
    831ce79ea58981748ad4c9a49f1194dd: 0
  m_TransitionOverrides: {}
--- !u!244 &1463722826757380938
AudioMixerEffectController:
  m_ObjectHideFlags: 3
  m_CorrespondingSourceObject: {fileID: 0}
  m_PrefabInstance: {fileID: 0}
  m_PrefabAsset: {fileID: 0}
  m_Name: 
  m_EffectID: 615e17732a61b6641bb5265637015bc7
  m_EffectName: Send
  m_MixLevel: 96c4f2eb677dada42bc5f8acaf20e58c
  m_Parameters: []
  m_SendTarget: {fileID: 4588565985248111375}
  m_EnableWetMix: 0
  m_Bypass: 0
--- !u!244 &1528909077602055783
AudioMixerEffectController:
  m_ObjectHideFlags: 3
  m_CorrespondingSourceObject: {fileID: 0}
  m_PrefabInstance: {fileID: 0}
  m_PrefabAsset: {fileID: 0}
  m_Name: 
  m_EffectID: a9a57a9e556b72540a5d608c7c2d1144
  m_EffectName: Send
  m_MixLevel: 831ce79ea58981748ad4c9a49f1194dd
  m_Parameters: []
  m_SendTarget: {fileID: -8671310386596410423}
  m_EnableWetMix: 0
  m_Bypass: 0
--- !u!244 &3076317727225707478
AudioMixerEffectController:
  m_ObjectHideFlags: 3
  m_CorrespondingSourceObject: {fileID: 0}
  m_PrefabInstance: {fileID: 0}
  m_PrefabAsset: {fileID: 0}
  m_Name: 
  m_EffectID: bfd1d3a69e1b1754892b9776e4630e44
  m_EffectName: Receive
  m_MixLevel: 5b514556e92140c4ea129c8d24b8410a
  m_Parameters: []
  m_SendTarget: {fileID: 0}
  m_EnableWetMix: 0
  m_Bypass: 0
--- !u!244 &4050973259853903773
AudioMixerEffectController:
  m_ObjectHideFlags: 3
  m_CorrespondingSourceObject: {fileID: 0}
  m_PrefabInstance: {fileID: 0}
  m_PrefabAsset: {fileID: 0}
  m_Name: 
  m_EffectID: 6541dae5a3f314440ac95b574a8a2c35
  m_EffectName: Send
  m_MixLevel: da2dd83e24deaa643b7b80b40ef8a018
  m_Parameters: []
  m_SendTarget: {fileID: 3076317727225707478}
  m_EnableWetMix: 0
  m_Bypass: 0
--- !u!244 &4467503754952150763
AudioMixerEffectController:
  m_ObjectHideFlags: 3
  m_CorrespondingSourceObject: {fileID: 0}
  m_PrefabInstance: {fileID: 0}
  m_PrefabAsset: {fileID: 0}
  m_Name: Attenuation
  m_EffectID: 1248894e63731d04a813e7209caf0326
  m_EffectName: Attenuation
  m_MixLevel: 6869f62524de98345892c878866a622b
  m_Parameters: []
  m_SendTarget: {fileID: 0}
  m_EnableWetMix: 0
  m_Bypass: 0
--- !u!244 &4588565985248111375
AudioMixerEffectController:
  m_ObjectHideFlags: 3
  m_CorrespondingSourceObject: {fileID: 0}
  m_PrefabInstance: {fileID: 0}
  m_PrefabAsset: {fileID: 0}
  m_Name: 
  m_EffectID: f8469ceb7d952374599d2eb90d6ad97e
  m_EffectName: Receive
  m_MixLevel: 5d871004005c8644da52729e46e8baad
  m_Parameters: []
  m_SendTarget: {fileID: 0}
  m_EnableWetMix: 0
  m_Bypass: 0
--- !u!244 &6096525031033315370
AudioMixerEffectController:
  m_ObjectHideFlags: 3
  m_CorrespondingSourceObject: {fileID: 0}
  m_PrefabInstance: {fileID: 0}
  m_PrefabAsset: {fileID: 0}
  m_Name: 
  m_EffectID: a441d273d77cc364ab58953f4eb5871b
  m_EffectName: SFX Reverb
  m_MixLevel: cd34c30802f225c41945ecf27749d872
  m_Parameters:
  - m_ParameterName: Dry Level
    m_GUID: ee63d5c8e810eaf459f82663eccbd41a
  - m_ParameterName: Room
    m_GUID: 05a40d4c006cae44f9601bb502c77ab9
  - m_ParameterName: Room HF
    m_GUID: 7176f16322a8bc140a2ab562bafdfc72
  - m_ParameterName: Decay Time
    m_GUID: c1d05ce376026dd48b5d9f838c111f99
  - m_ParameterName: Decay HF Ratio
    m_GUID: 57deb0e448e26b640999d5188a86b7a4
  - m_ParameterName: Reflections
    m_GUID: ce9f9dd27ef20134e9635192045df187
  - m_ParameterName: Reflect Delay
    m_GUID: ae60f0268838fea43a267b8639695a8d
  - m_ParameterName: Reverb
    m_GUID: 46d30ae99eaa5db4193229aebb03cc3f
  - m_ParameterName: Reverb Delay
    m_GUID: c87fb3b6f2c166b449cfd86495e7f7ae
  - m_ParameterName: Diffusion
    m_GUID: 37029a3e38014dd4daaa5c1c883d1bc0
  - m_ParameterName: Density
    m_GUID: 717670ded2feb4845a2d30471d4e20c6
  - m_ParameterName: HF Reference
    m_GUID: 0887db1223cf9fe42bb8d8c8bc5bab8a
  - m_ParameterName: Room LF
    m_GUID: 4441ee9d488f38940a3d7104754d7bbe
  - m_ParameterName: LF Reference
    m_GUID: dff23ed5780dff441922afeeb909a117
  m_SendTarget: {fileID: 0}
  m_EnableWetMix: 0
  m_Bypass: 0
--- !u!243 &7363408829071262148
AudioMixerGroupController:
  m_ObjectHideFlags: 0
  m_CorrespondingSourceObject: {fileID: 0}
  m_PrefabInstance: {fileID: 0}
  m_PrefabAsset: {fileID: 0}
  m_Name: RCanard2
  m_AudioMixer: {fileID: 24100000}
  m_GroupID: 0724763d576e8c74ca47edf171cbea69
  m_Children: []
  m_Volume: 360d04e6c8cb78843bcfd35123b6483a
  m_Pitch: a637a8f9330a0764fb1575619a483f97
  m_Send: 00000000000000000000000000000000
  m_Effects:
  - {fileID: -3721584114606545619}
  - {fileID: 3076317727225707478}
  - {fileID: -6036063168961573328}
  m_UserColorIndex: 0
  m_Mute: 0
  m_Solo: 0
  m_BypassEffects: 0
--- !u!244 &7911110243934927784
AudioMixerEffectController:
  m_ObjectHideFlags: 3
  m_CorrespondingSourceObject: {fileID: 0}
  m_PrefabInstance: {fileID: 0}
  m_PrefabAsset: {fileID: 0}
  m_Name: 
  m_EffectID: 09e478bad39b20040b091af74fb1d0d9
  m_EffectName: Attenuation
  m_MixLevel: 47f556aeb1ba08b429b742bb699e2acd
  m_Parameters: []
  m_SendTarget: {fileID: 0}
  m_EnableWetMix: 0
  m_Bypass: 0
